@electronic{DOC:1,
	author 	= "QEMU",
	title	= "QEMU version 2.11.93 User Documentation",
	url	= "http://qemu.weilnetz.de/w64/2012/2012-12-04/qemu-doc.html",
	year	= "2012",
}

@electronic{MAN:2,
	author	= "Fabrice Bellard",
	title	= "qemu-kvm(1) - Linux man page",
	url	= "https://linux.die.net/man/1/qemu-kvm",
	year	= "2012",
}
